@inproceedings{referenceexample,
	title = {{Some Title}},
	author = {Mustermann, Max and Smith, Jane},
	booktitle = {Some Conference},
	pages = {1--8},
	year = {2023}
}

@misc{ManiSkillChallenge,
    author = "{Sapien}",
    title = "{ManiSkill2 Challenge}",
    howpublished = "\url{https://sapien.ucsd.edu/challenges/maniskill/}",
    note = "Accessed: March 15, 2024"
}

@article{gao2023two,
  title={A Two-stage Fine-tuning Strategy for Generalizable Manipulation Skill of Embodied AI},
  author={Gao, Fang and Li, XueTao and Yu, Jun and Shaung, Feng},
  journal={arXiv preprint arXiv:2307.11343},
  year={2023}
}

@article{xu2014reinforcement,
  title={Reinforcement learning algorithms with function approximation: Recent advances and applications},
  author={Xu, Xin and Zuo, Lei and Huang, Zhenhua},
  journal={Information sciences},
  volume={261},
  pages={1--31},
  year={2014},
  publisher={Elsevier}
}

@article{schulman2017proximal,
  title={Proximal policy optimization algorithms},
  author={Schulman, John and Wolski, Filip and Dhariwal, Prafulla and Radford, Alec and Klimov, Oleg},
  journal={arXiv preprint arXiv:1707.06347},
  year={2017}
}

@article{torabi2018behavioral,
  title={Behavioral cloning from observation},
  author={Torabi, Faraz and Warnell, Garrett and Stone, Peter},
  journal={arXiv preprint arXiv:1805.01954},
  year={2018}
}

 @article{mu2021maniskill,
  title={Maniskill: Generalizable manipulation skill benchmark with large-scale demonstrations},
  author={Mu, Tongzhou and Ling, Zhan and Xiang, Fanbo and Yang, Derek and Li, Xuanlin and Tao, Stone and Huang, Zhiao and Jia, Zhiwei and Su, Hao},
  journal={arXiv preprint arXiv:2107.14483},
  year={2021}
}

OpenAI. (2022). ManiSkill. https://openai.com/research/universe

@misc{OpenAI(2022),
    author = "{OpenAI}",
    title = "{ManiSkill}",
    howpublished = "\url{https://openai.com/research/universe}",
    note = "Accessed: March 15, 2024"
}